@Manual{R-assertthat,
  title = {assertthat: Easy Pre and Post Assertions},
  author = {Hadley Wickham},
  year = {2017},
  note = {R package version 0.2.0},
  url = {https://CRAN.R-project.org/package=assertthat},
}
@Manual{R-base,
  title = {R: A Language and Environment for Statistical Computing},
  author = {{R Core Team}},
  organization = {R Foundation for Statistical Computing},
  address = {Vienna, Austria},
  year = {2018},
  url = {https://www.R-project.org/},
}
@Manual{R-bookdown,
  title = {bookdown: Authoring Books and Technical Documents with R Markdown},
  author = {Yihui Xie},
  year = {2018},
  note = {R package version 0.7.24},
  url = {https://github.com/rstudio/bookdown},
}
@Manual{R-data.table,
  title = {data.table: Extension of `data.frame`},
  author = {Matt Dowle and Arun Srinivasan},
  year = {2018},
  note = {R package version 1.11.8},
  url = {https://CRAN.R-project.org/package=data.table},
}
@Manual{R-DBI,
  title = {DBI: R Database Interface},
  author = {{R Special Interest Group on Databases (R-SIG-DB)} and Hadley Wickham and Kirill Müller},
  year = {2018},
  note = {R package version 1.0.0.9001},
  url = {http://r-dbi.github.io/DBI},
}
@Manual{R-dplyr,
  title = {dplyr: A Grammar of Data Manipulation},
  author = {Hadley Wickham and Romain François and Lionel Henry and Kirill Müller},
  year = {2018},
  note = {R package version 0.7.8},
  url = {https://CRAN.R-project.org/package=dplyr},
}
@Manual{R-forcats,
  title = {forcats: Tools for Working with Categorical Variables (Factors)},
  author = {Hadley Wickham},
  year = {2018},
  note = {R package version 0.3.0},
  url = {https://CRAN.R-project.org/package=forcats},
}
@Manual{R-ggplot2,
  title = {ggplot2: Create Elegant Data Visualisations Using the Grammar of Graphics},
  author = {Hadley Wickham and Winston Chang and Lionel Henry and Thomas Lin Pedersen and Kohske Takahashi and Claus Wilke and Kara Woo and Hiroaki Yutani},
  year = {2018},
  note = {http://ggplot2.tidyverse.org, https://github.com/tidyverse/ggplot2},
}
@Manual{R-ggrepel,
  title = {ggrepel: Automatically Position Non-Overlapping Text Labels with
'ggplot2'},
  author = {Kamil Slowikowski},
  year = {2018},
  note = {R package version 0.8.0.9000},
  url = {http://github.com/slowkow/ggrepel},
}
@Manual{R-glue,
  title = {glue: Interpreted String Literals},
  author = {Jim Hester},
  year = {2018},
  note = {R package version 1.3.0},
  url = {https://CRAN.R-project.org/package=glue},
}
@Manual{R-igraph,
  title = {igraph: Network Analysis and Visualization},
  author = {See AUTHORS file.},
  year = {2018},
  note = {R package version 1.2.2},
  url = {https://CRAN.R-project.org/package=igraph},
}
@Manual{R-knitr,
  title = {knitr: A General-Purpose Package for Dynamic Report Generation in R},
  author = {Yihui Xie},
  year = {2018},
  note = {R package version 1.20},
  url = {https://CRAN.R-project.org/package=knitr},
}
@Manual{R-lubridate,
  title = {lubridate: Make Dealing with Dates a Little Easier},
  author = {Vitalie Spinu and Garrett Grolemund and Hadley Wickham},
  year = {2018},
  note = {R package version 1.7.4},
  url = {https://CRAN.R-project.org/package=lubridate},
}
@Manual{R-NLP,
  title = {NLP: Natural Language Processing Infrastructure},
  author = {Kurt Hornik},
  year = {2018},
  note = {R package version 0.2-0},
  url = {https://CRAN.R-project.org/package=NLP},
}
@Manual{R-purrr,
  title = {purrr: Functional Programming Tools},
  author = {Lionel Henry and Hadley Wickham},
  year = {2018},
  note = {R package version 0.2.5},
  url = {https://CRAN.R-project.org/package=purrr},
}
@Manual{R-R.methodsS3,
  title = {R.methodsS3: S3 Methods Simplified},
  author = {Henrik Bengtsson},
  year = {2016},
  note = {R package version 1.7.1},
  url = {https://CRAN.R-project.org/package=R.methodsS3},
}
@Manual{R-R.oo,
  title = {R.oo: R Object-Oriented Programming with or without References},
  author = {Henrik Bengtsson},
  year = {2018},
  note = {R package version 1.22.0},
  url = {https://CRAN.R-project.org/package=R.oo},
}
@Manual{R-R.utils,
  title = {R.utils: Various Programming Utilities},
  author = {Henrik Bengtsson},
  year = {2018},
  note = {R package version 2.7.0},
  url = {https://CRAN.R-project.org/package=R.utils},
}
@Manual{R-RColorBrewer,
  title = {RColorBrewer: ColorBrewer Palettes},
  author = {Erich Neuwirth},
  year = {2014},
  note = {R package version 1.1-2},
  url = {https://CRAN.R-project.org/package=RColorBrewer},
}
@Manual{R-readr,
  title = {readr: Read Rectangular Text Data},
  author = {Hadley Wickham and Jim Hester and Romain Francois},
  year = {2018},
  note = {R package version 1.2.1},
  url = {https://CRAN.R-project.org/package=readr},
}
@Manual{R-rmarkdown,
  title = {rmarkdown: Dynamic Documents for R},
  author = {JJ Allaire and Yihui Xie and Jonathan McPherson and Javier Luraschi and Kevin Ushey and Aron Atkins and Hadley Wickham and Joe Cheng and Winston Chang},
  year = {2018},
  note = {R package version 1.10},
  url = {https://CRAN.R-project.org/package=rmarkdown},
}
@Manual{R-stringr,
  title = {stringr: Simple, Consistent Wrappers for Common String Operations},
  author = {Hadley Wickham},
  year = {2018},
  note = {R package version 1.3.1},
  url = {https://CRAN.R-project.org/package=stringr},
}
@Manual{R-tibble,
  title = {tibble: Simple Data Frames},
  author = {Kirill Müller and Hadley Wickham},
  year = {2018},
  note = {R package version 1.4.2},
  url = {https://CRAN.R-project.org/package=tibble},
}
@Manual{R-tidyr,
  title = {tidyr: Easily Tidy Data with 'spread()' and 'gather()' Functions},
  author = {Hadley Wickham and Lionel Henry},
  year = {2018},
  note = {R package version 0.8.2},
  url = {https://CRAN.R-project.org/package=tidyr},
}
@Manual{R-tidyverse,
  title = {tidyverse: Easily Install and Load the 'Tidyverse'},
  author = {Hadley Wickham},
  year = {2017},
  note = {R package version 1.2.1},
  url = {https://CRAN.R-project.org/package=tidyverse},
}
@Manual{R-tm,
  title = {tm: Text Mining Package},
  author = {Ingo Feinerer and Kurt Hornik},
  year = {2018},
  note = {R package version 0.7-5},
  url = {https://CRAN.R-project.org/package=tm},
}
