% Encoding: UTF-8

@InProceedings{Singer2014,
  author       = {Singer, Philipp and Flöck, Fabian and Meinhart, Clemens and Zeitfogel, Elias and Strohmaier, Markus},
  title        = {Evolution of Reddit: From the Front Page of the Internet to a Self-referential Community?},
  booktitle    = {Proceedings of the 23. International Conference on World Wide Web},
  year         = {2014},
  organization = {ACM},
  pages        = {517--522},
}

@Manual{R-igraph,
  author = {Gábor Csárdi},
  title  = {igraph: Network Analysis and Visualization},
  year   = {2018},
  note   = {R package version 1.2.2},
  url    = {https://CRAN.R-project.org/package=igraph},
}

@Online{Baumgartner2018a,
  author   = {Jason Baumgartner},
  title    = {Ingesting Data — Using high performance Python code to collect Data},
  date     = {2018-05-07},
  url      = {https://pushshift.io/ingesting-data%E2%80%8A-%E2%80%8Ausing-high-performance-python-code-to-collect-data/},
  pubstate = {Blog-Post},
  urldate  = {2018-05-07},
}

@Article{Gaffney2018,
  author      = {Devin Gaffney and J. Nathan Matias},
  title       = {Caveat Emptor, Computational Social Science: Large-Scale Missing Data in a Widely-Published Reddit Corpus},
  date        = {2018-03-13},
  eprinttype  = {arXiv},
}

@Book{Dimbath2016,
  author    = {Dimbath, Oliver},
  title     = {Einführung in die Soziologie},
  year      = {2016},
  date      = {2016-09-12},
  publisher = {UTB GmbH},
}

@Article{Blei2012,
  author    = {David M. Blei},
  title     = {Probabilistic topic models},
  journal   = {Communications of the ACM},
  year      = {2012},
  volume    = {55},
  number    = {4},
  month     = apr,
  publisher = {Association for Computing Machinery (ACM)},
}

@InProceedings{Buntain2014,
  author       = {Buntain, Cody and Golbeck, Jennifer},
  title        = {Identifying Social Roles in reddit Using Network Structure},
  booktitle    = {Proceedings of the 23rd International Conference on World Wide Web},
  year         = {2014},
  organization = {ACM},
  pages        = {615--620},
}

@Book{Dawkins2004,
  author    = {Dawkins, Richard},
  title     = {A Devil's Chaplain: Reflections on Hope, Lies, Science, and Love},
  year      = {2004},
  date      = {2004-10-11},
  publisher = {Houghton Mifflin},
}

@Book{Wasserman1994,
  author    = {Wasserman, Stanley and Faust, Katherine},
  title     = {Social network analysis: Methods and applications},
  year      = {1994},
  publisher = {Cambridge University Press},
}

@Online{Baumgartner2018,
  author    = {Jason Baumgartner},
  title     = {"... anticipate that it will take between 4-6 weeks to fill in the largest gaps for missing comments. I will then rescan all missing ids in the sequential areas (ids over 27 billion for comments) and ingest the missing data there. Probably 1-2 months before complete."},
  url       = {https://twitter.com/jasonbaumgartne/status/982456309726547968},
  subtitle  = {6. April 2018, 20:13 Uhr},
  pubstate  = {Tweet},
  timestamp = {2018-05-04},
}

@Article{Tan2015,
  author      = {Chenhao Tan and Lillian Lee},
  title       = {All Who Wander: On the Prevalence and Characteristics of Multi-community Engagement},
  date        = {2015-03-04},
  eprinttype  = {arXiv},
}

@Online{RedditSrc,
  author       = {Reddit},
  title        = {reddit},
  url          = {https://github.com/reddit-archive/reddit},
  subtitle     = {historical code from reddit.com},
  titleaddon   = {Source code},
  organization = {Reddit Inc.},
  urldate      = {2018-11-22},
}

@InBook{Wolf2010,
  author    = {Wolf, Christof},
  title     = {Egozentrierte Netzwerke: Datenerhebung und Datenanalyse},
  booktitle = {Handbuch Netzwerkforschung},
  year      = {2010},
  editor    = {Stegbauer, Christian and Häußling, Roger},
  publisher = {VS Verlag für Sozialwissenschaften},
  pages     = {471--483},
}

@Article{Hessel2016,
  author      = {Jack Hessel and Chenhao Tan and Lillian Lee},
  title       = {Science, AskScience, and BadScience: On the Coexistence of Highly Related Communities},
  date        = {2016-12-22},
  eprinttype  = {arXiv},
}

@Manual{Phan2007,
  author = {Phan, Xuan-Hieu and Nguyen, Cam-Tu},
  title  = {GibbsLDA++: A C/C++ implementation of latent Dirichlet allocation (LDA)},
  date   = {2007},
  url    = {http://gibbslda.sourceforge.net/},
}

@Manual{PRAW,
  author = {Bryce Boe},
  title  = {PRAW: The Python Reddit API Wrapper},
  year   = {2016},
  note   = {v6.0.0},
  url    = {https://github.com/praw-dev/praw},
}

@Book{Salton1983,
  author    = {Gerard Salton},
  title     = {Introduction to Modern Information Retrieval (MCGRAW HILL COMPUTER SCIENCE SERIES)},
  year      = {1983},
  publisher = {McGraw-Hill College},
}

@Article{Blei2003,
  author  = {Blei, David M and Ng, Andrew Y and Jordan, Michael I},
  title   = {Latent dirichlet allocation},
  journal = {Journal of machine Learning research},
  year    = {2003},
  volume  = {3},
  number  = {Jan},
  pages   = {993--1022},
}

@InProceedings{Dror2012,
  author    = {Dror, Gideon and Pelleg, Dan and Rokhlenko, Oleg and Szpektor, Idan},
  title     = {Churn prediction in new users of Yahoo! answers},
  booktitle = {Proceedings of the 21st international conference on World Wide Web - WWW 12},
  date      = {2012},
  publisher = {ACM Press},
}

@Article{Griffiths2004,
  author    = {T. L. Griffiths and M. Steyvers},
  title     = {Finding scientific topics},
  journal   = {Proceedings of the National Academy of Sciences},
  year      = {2004},
  volume    = {101},
  number    = {Supplement 1},
  month     = feb,
  pages     = {5228--5235},
  publisher = {Proceedings of the National Academy of Sciences},
}

@Article{Katz1955,
  author    = {Katz, Leo and Powell, James H},
  title     = {Measurement of the tendency toward reciprocation of choice},
  journal   = {Sociometry},
  year      = {1955},
  volume    = {18},
  number    = {4},
  pages     = {403--409},
}

@InProceedings{Lu2013,
  author    = {Lu, Mian and Bai, Ge and Luo, Qiong and Tang, Jie and Zhao, Jiuxin},
  title     = {Accelerating Topic Model Training on a Single Machine},
  booktitle = {Asia-Pacific Web Conference},
  year      = {2013},
  pages     = {184--195},
}

@Manual{R-ldatuning,
  author = {Nikita Murzintcev},
  title  = {ldatuningr: LDA models parameters tuning},
  year   = {2016},
  url    = {https://github.com/nikita-moor/ldatuning},
}

@Article{Brandes2012,
  author    = {Brandes, Ulrik and Kosub, Sven and Nick, Bobo},
  title     = {Was messen Zentralitätsindizes?},
  journal   = {Die Integration von Theorie und Methode in der Netzwerkforschung},
  year      = {2012},
  pages     = {33--52},
  publisher = {Springer},
}

@Online{Baumgartner,
  author  = {Jason Baumgartner},
  title   = {pushshift.io},
  url     = {https://files.pushshift.io/reddit/comments/},
  urldate = {2018-04-23},
}

@InProceedings{DeChoudhury2016,
  author        = {De Choudhury, Munmun and Kiciman, Emre and Dredze, Mark and Coppersmith, Glen and Kumar, Mrinal},
  title         = {Discovering shifts to suicidal ideation from mental health content in social media},
  booktitle     = {Proceedings of the 2016 CHI conference on human factors in computing systems},
  year          = {2016},
  organization  = {ACM},
  pages         = {2098--2110},
}

@Comment{jabref-meta: databaseType:biblatex;}
